@article{Grenier2019pickleball,
  title =	 {Pickleball: Injury Considerations in an Increasingly Popular Sport},
  author =	 {Nicolas Grenier},
  journal =	 {Missouri Medicine},
  volume =	 116,
  number =	 6,
  pages =	 {488--491},
  year =	 2019,
  publisher =	 {Missouri State Medicine Association}
}

@article{ZhangZhao2015Astronomy,
  title =	 {Astronomy in the Big Data Era},
  author =	 {JYanxia Zhang and Yongheng Zhao},
  journal =	 {Data Science Journal},
  volume =	 14,
  number =	 11,
  year =	 2015,
}

@Book{White1952Web,
  title =	 {Charlotte's Web},
  author =	 {E.B. White},
  publisher =	 {Harper and Brothers},
  address =	 {New York},
  year =	 1952,
  edition =	 {1st},
}
